@ONLINE{uefi_rootkit_china,
    title = {China-Linked Hackers Found Using UEFI Rootkit},
    author = {Dennis Fisher},
    url = {https://duo.com/decipher/china-linked-hackers-found-using-uefi-rootkit}
}

@ONLINE{technical_ressources_processors,
    title = {Technical Resources: Intel$^{\text{\textregistered}}$ Core\texttrademark\ Processors},
    url = {https://www.intel.com/content/www/us/en/products/docs/processors/core/core-technical-resources.html}
}

@ONLINE{architecture64_sof_dev_manual,
    title = {Intel$^{\text{\textregistered}}$ 64 and IA-32 Architectures Software Developer Manuals},
    url = {https://www.intel.com/content/www/us/en/developer/articles/technical/intel-sdm.html}
}

@TECHREPORT{architecture64_sof_dev_manuel_vol_3,
    title = {Intel$^{\text{\textregistered}}$ 64 and IA-32 Architectures Sodtware DeveloperÂ´s Manual, 
             Volume 3 (3A, 3B, 3C \& 3D): System Programming Guide},
    institution = {Intel Corporation},
    number = {325384-075US},
    year = {2021},
    month = {06}
}

@ONLINE{rootkit_scranos,
    title = {Scranos, a new rootkit malware, steals passwords and pushes YouTube clicks},
    author = {Zack Whittaker},
    url = {https://techcrunch.com/2019/04/16/scranos-rootkit-passwords-payments/?guccounter=1&guce_referrer=aHR0cHM6Ly93d3cuZ29vZ2xlLmNvbS8&guce_referrer_sig=AQAAAKW0JKrj_E8LGEPB6Ht-Gp8S9ey8LzyfFq0PfONvkNGBAsIV9zW8UP9puIEzuOg4cXUhkSGJtLHW7D1aIBgjljrxPDxfNgxGsjZcm9Cy0V6a0sRUE9Hmjxi9OF-AG609YE3d0BFSua0vrEtnFwE2mzW24FZAHzNDi8eHTvRv1gxz},
    year = {2019},
    month = {04},
    day = {16}
}

@ONLINE{cr4,
    title = {CR4},
    url = {https://wiki.osdev.org/CPU_Registers_x86}
}

@ONLINE{vmx_instructions_oracle,
    title = {x86 Assembly Language Reference Manual - 3.34 VMX Instructions},
    institution = {Oracle$^{\text{\textregistered}}$},
    year = {2020},
    month = {11},
    url = {https://docs.oracle.com/cd/E37838_01/html/E61064/gntbx.html}
}